<record><leader>00000cas a22000007a 4500</leader><controlfield tag="001">29198993</controlfield><controlfield tag="008">931026d19uu193ucauwr ne      0    0eng d</controlfield><datafield ind1=" " ind2=" " tag="010"><subfield code="a">sn 93053193 </subfield></datafield><datafield ind1=" " ind2=" " tag="040"><subfield code="a">CNK</subfield><subfield code="b">eng</subfield><subfield code="c">CNK</subfield><subfield code="d">OCLCQ</subfield><subfield code="d">OCLCF</subfield><subfield code="d">OCLCO</subfield></datafield><datafield ind1="1" ind2=" " tag="029"><subfield code="a">AU@</subfield><subfield code="b">000025904020</subfield></datafield><datafield ind1=" " ind2=" " tag="042"><subfield code="a">msc</subfield></datafield><datafield ind1=" " ind2=" " tag="043"><subfield code="a">n-us-ca</subfield></datafield><datafield ind1="0" ind2="4" tag="245"><subfield code="a">The Menlo Park news.</subfield></datafield><datafield ind1="3" ind2="0" tag="246"><subfield code="a">Menlo Park news Mayfield news</subfield></datafield><datafield ind1=" " ind2=" " tag="260"><subfield code="a">Menlo Park, San Mateo County, Calif. :</subfield><subfield code="b">David H. Moore</subfield></datafield><datafield ind1=" " ind2=" " tag="300"><subfield code="a">v.</subfield></datafield><datafield ind1=" " ind2=" " tag="310"><subfield code="a">Weekly,</subfield><subfield code="b">&lt;Sept. 22, 1933-&gt;</subfield></datafield><datafield ind1=" " ind2=" " tag="321"><subfield code="a">Semiweekly,</subfield><subfield code="b">&lt;Sept. 3, 1931-Mar. 10, 1933&gt;</subfield></datafield><datafield ind1=" " ind2=" " tag="500"><subfield code="a">Sometimes published as: The Menlo Park news Mayfield news.</subfield></datafield><datafield ind1=" " ind2=" " tag="500"><subfield code="a">Published in Palo Alto, Calif., &lt;Nov. 3, 1931-&gt;</subfield></datafield><datafield ind1=" " ind2=" " tag="515"><subfield code="a">Numbering is irregular.</subfield></datafield><datafield ind1=" " ind2=" " tag="588"><subfield code="a">Description based on: Vol. 43, no. 47 (Sept. 3, 1931).</subfield></datafield><datafield ind1=" " ind2="0" tag="651"><subfield code="a">Menlo Park (Calif.)</subfield><subfield code="v">Newspapers.</subfield></datafield><datafield ind1=" " ind2="7" tag="655"><subfield code="a">Newspapers.</subfield><subfield code="2">fast</subfield><subfield code="0">(OCoLC)fst01423814</subfield></datafield><datafield ind1=" " ind2="7" tag="651"><subfield code="a">California</subfield><subfield code="z">Menlo Park.</subfield><subfield code="2">fast</subfield><subfield code="0">(OCoLC)fst01212319</subfield></datafield><datafield ind1=" " ind2=" " tag="752"><subfield code="a">United States</subfield><subfield code="b">California</subfield><subfield code="c">Santa Clara</subfield><subfield code="d">Palo Alto.</subfield></datafield><datafield ind1=" " ind2=" " tag="752"><subfield code="a">United States</subfield><subfield code="b">California</subfield><subfield code="c">San Mateo</subfield><subfield code="d">Menlo Park.</subfield></datafield><datafield ind1="0" ind2=" " tag="775"><subfield code="t">Palo Alto news Mayfield news</subfield><subfield code="w">(DLC)sn 93053094</subfield></datafield><datafield ind1="0" ind2=" " tag="775"><subfield code="t">Altos news</subfield><subfield code="w">(DLC)sn 93053194</subfield></datafield><datafield ind1="0" ind2="4" tag="785"><subfield code="t">Palo Alto-Mayfield news</subfield><subfield code="w">(DLC)sn 93053195</subfield></datafield></record>